%YAML 1.1
%TAG !u! tag:unity3d.com,2011:
--- !u!1 &4645247335435561050
GameObject:
  m_ObjectHideFlags: 0
  m_CorrespondingSourceObject: {fileID: 0}
  m_PrefabInstance: {fileID: 0}
  m_PrefabAsset: {fileID: 0}
  serializedVersion: 6
  m_Component:
  - component: {fileID: 4645247335435561051}
  m_Layer: 0
  m_Name: Pref_GreenHouse1_A
  m_TagString: Untagged
  m_Icon: {fileID: 5721338939258241955, guid: 0000000000000000d000000000000000, type: 0}
  m_NavMeshLayer: 0
  m_StaticEditorFlags: 0
  m_IsActive: 1
--- !u!4 &4645247335435561051
Transform:
  m_ObjectHideFlags: 0
  m_CorrespondingSourceObject: {fileID: 0}
  m_PrefabInstance: {fileID: 0}
  m_PrefabAsset: {fileID: 0}
  m_GameObject: {fileID: 4645247335435561050}
  m_LocalRotation: {x: 0, y: 0, z: 0, w: 1}
  m_LocalPosition: {x: -11, y: 43.19, z: 110}
  m_LocalScale: {x: 1, y: 1, z: 1}
  m_Children:
  - {fileID: 4645247335651011532}
  - {fileID: 4645247335576444533}
  - {fileID: 4645247336041207215}
  - {fileID: 4645247336337263712}
  - {fileID: 4645247336842896259}
  - {fileID: 4645247336742894661}
  - {fileID: 4645247336756943678}
  - {fileID: 4645247336678461805}
  - {fileID: 4645247337009439154}
  - {fileID: 4645247336914702937}
  - {fileID: 4645247337375784140}
  - {fileID: 4645247337342393209}
  - {fileID: 4645247337320835773}
  - {fileID: 4645247337330097927}
  - {fileID: 4645247337263940409}
  - {fileID: 4645247335445419070}
  - {fileID: 4645247335788535229}
  - {fileID: 4645247335950252005}
  - {fileID: 4645247336178571785}
  - {fileID: 4645247335314800412}
  - {fileID: 4645247336105014330}
  - {fileID: 4645247336121570576}
  - {fileID: 4645247336073816820}
  - {fileID: 4645247336462567169}
  - {fileID: 4645247336413863375}
  - {fileID: 4645247335333730723}
  - {fileID: 4645247335750894418}
  m_Father: {fileID: 0}
  m_RootOrder: 0
  m_LocalEulerAnglesHint: {x: 0, y: 0, z: 0}
--- !u!1001 &4645247335314731376
PrefabInstance:
  m_ObjectHideFlags: 0
  serializedVersion: 2
  m_Modification:
    m_TransformParent: {fileID: 4645247335435561051}
    m_Modifications:
    - target: {fileID: 139764, guid: 8285c49f490dd444382201a065d5f98b, type: 3}
      propertyPath: m_Name
      value: GreenHouse1_Deco_RoofPiece_A (4)
      objectReference: {fileID: 0}
    - target: {fileID: 462444, guid: 8285c49f490dd444382201a065d5f98b, type: 3}
      propertyPath: m_LocalPosition.x
      value: 10
      objectReference: {fileID: 0}
    - target: {fileID: 462444, guid: 8285c49f490dd444382201a065d5f98b, type: 3}
      propertyPath: m_LocalPosition.y
      value: 10
      objectReference: {fileID: 0}
    - target: {fileID: 462444, guid: 8285c49f490dd444382201a065d5f98b, type: 3}
      propertyPath: m_LocalPosition.z
      value: 19.5
      objectReference: {fileID: 0}
    - target: {fileID: 462444, guid: 8285c49f490dd444382201a065d5f98b, type: 3}
      propertyPath: m_LocalRotation.x
      value: 0.000000021855694
      objectReference: {fileID: 0}
    - target: {fileID: 462444, guid: 8285c49f490dd444382201a065d5f98b, type: 3}
      propertyPath: m_LocalRotation.y
      value: 0
      objectReference: {fileID: 0}
    - target: {fileID: 462444, guid: 8285c49f490dd444382201a065d5f98b, type: 3}
      propertyPath: m_LocalRotation.z
      value: 0
      objectReference: {fileID: 0}
    - target: {fileID: 462444, guid: 8285c49f490dd444382201a065d5f98b, type: 3}
      propertyPath: m_LocalRotation.w
      value: 1
      objectReference: {fileID: 0}
    - target: {fileID: 462444, guid: 8285c49f490dd444382201a065d5f98b, type: 3}
      propertyPath: m_RootOrder
      value: 19
      objectReference: {fileID: 0}
    m_RemovedComponents: []
  m_SourcePrefab: {fileID: 100100000, guid: 8285c49f490dd444382201a065d5f98b, type: 3}
--- !u!4 &4645247335314800412 stripped
Transform:
  m_CorrespondingSourceObject: {fileID: 462444, guid: 8285c49f490dd444382201a065d5f98b,
    type: 3}
  m_PrefabInstance: {fileID: 4645247335314731376}
  m_PrefabAsset: {fileID: 0}
--- !u!1001 &4645247335333620465
PrefabInstance:
  m_ObjectHideFlags: 0
  serializedVersion: 2
  m_Modification:
    m_TransformParent: {fileID: 4645247335435561051}
    m_Modifications:
    - target: {fileID: 111862, guid: 53e8e843102523b459d75c4b0ca32ad9, type: 3}
      propertyPath: m_Name
      value: GreenHouse1_Deco_RoofPiece_B (1)
      objectReference: {fileID: 0}
    - target: {fileID: 422738, guid: 53e8e843102523b459d75c4b0ca32ad9, type: 3}
      propertyPath: m_LocalPosition.x
      value: 2.5
      objectReference: {fileID: 0}
    - target: {fileID: 422738, guid: 53e8e843102523b459d75c4b0ca32ad9, type: 3}
      propertyPath: m_LocalPosition.y
      value: 7.5
      objectReference: {fileID: 0}
    - target: {fileID: 422738, guid: 53e8e843102523b459d75c4b0ca32ad9, type: 3}
      propertyPath: m_LocalPosition.z
      value: 37
      objectReference: {fileID: 0}
    - target: {fileID: 422738, guid: 53e8e843102523b459d75c4b0ca32ad9, type: 3}
      propertyPath: m_LocalRotation.x
      value: 0.000000021855694
      objectReference: {fileID: 0}
    - target: {fileID: 422738, guid: 53e8e843102523b459d75c4b0ca32ad9, type: 3}
      propertyPath: m_LocalRotation.y
      value: 0
      objectReference: {fileID: 0}
    - target: {fileID: 422738, guid: 53e8e843102523b459d75c4b0ca32ad9, type: 3}
      propertyPath: m_LocalRotation.z
      value: 0
      objectReference: {fileID: 0}
    - target: {fileID: 422738, guid: 53e8e843102523b459d75c4b0ca32ad9, type: 3}
      propertyPath: m_LocalRotation.w
      value: 1
      objectReference: {fileID: 0}
    - target: {fileID: 422738, guid: 53e8e843102523b459d75c4b0ca32ad9, type: 3}
      propertyPath: m_RootOrder
      value: 25
      objectReference: {fileID: 0}
    m_RemovedComponents: []
  m_SourcePrefab: {fileID: 100100000, guid: 53e8e843102523b459d75c4b0ca32ad9, type: 3}
--- !u!4 &4645247335333730723 stripped
Transform:
  m_CorrespondingSourceObject: {fileID: 422738, guid: 53e8e843102523b459d75c4b0ca32ad9,
    type: 3}
  m_PrefabInstance: {fileID: 4645247335333620465}
  m_PrefabAsset: {fileID: 0}
--- !u!1001 &4645247335445276524
PrefabInstance:
  m_ObjectHideFlags: 0
  serializedVersion: 2
  m_Modification:
    m_TransformParent: {fileID: 4645247335435561051}
    m_Modifications:
    - target: {fileID: 422738, guid: 53e8e843102523b459d75c4b0ca32ad9, type: 3}
      propertyPath: m_LocalPosition.x
      value: 2.5
      objectReference: {fileID: 0}
    - target: {fileID: 422738, guid: 53e8e843102523b459d75c4b0ca32ad9, type: 3}
      propertyPath: m_LocalPosition.y
      value: 7.5
      objectReference: {fileID: 0}
    - target: {fileID: 422738, guid: 53e8e843102523b459d75c4b0ca32ad9, type: 3}
      propertyPath: m_LocalPosition.z
      value: 12
      objectReference: {fileID: 0}
    - target: {fileID: 422738, guid: 53e8e843102523b459d75c4b0ca32ad9, type: 3}
      propertyPath: m_LocalRotation.x
      value: 0.000000021855694
      objectReference: {fileID: 0}
    - target: {fileID: 422738, guid: 53e8e843102523b459d75c4b0ca32ad9, type: 3}
      propertyPath: m_LocalRotation.y
      value: 0
      objectReference: {fileID: 0}
    - target: {fileID: 422738, guid: 53e8e843102523b459d75c4b0ca32ad9, type: 3}
      propertyPath: m_LocalRotation.z
      value: 0
      objectReference: {fileID: 0}
    - target: {fileID: 422738, guid: 53e8e843102523b459d75c4b0ca32ad9, type: 3}
      propertyPath: m_LocalRotation.w
      value: 1
      objectReference: {fileID: 0}
    - target: {fileID: 422738, guid: 53e8e843102523b459d75c4b0ca32ad9, type: 3}
      propertyPath: m_RootOrder
      value: 15
      objectReference: {fileID: 0}
    m_RemovedComponents: []
  m_SourcePrefab: {fileID: 100100000, guid: 53e8e843102523b459d75c4b0ca32ad9, type: 3}
--- !u!4 &4645247335445419070 stripped
Transform:
  m_CorrespondingSourceObject: {fileID: 422738, guid: 53e8e843102523b459d75c4b0ca32ad9,
    type: 3}
  m_PrefabInstance: {fileID: 4645247335445276524}
  m_PrefabAsset: {fileID: 0}
--- !u!1001 &4645247335576333607
PrefabInstance:
  m_ObjectHideFlags: 0
  serializedVersion: 2
  m_Modification:
    m_TransformParent: {fileID: 4645247335435561051}
    m_Modifications:
    - target: {fileID: 111862, guid: 53e8e843102523b459d75c4b0ca32ad9, type: 3}
      propertyPath: m_Name
      value: GreenHouse1_Deco_RoofPiece_B (4)
      objectReference: {fileID: 0}
    - target: {fileID: 422738, guid: 53e8e843102523b459d75c4b0ca32ad9, type: 3}
      propertyPath: m_LocalPosition.x
      value: 17
      objectReference: {fileID: 0}
    - target: {fileID: 422738, guid: 53e8e843102523b459d75c4b0ca32ad9, type: 3}
      propertyPath: m_LocalPosition.y
      value: 7.5
      objectReference: {fileID: 0}
    - target: {fileID: 422738, guid: 53e8e843102523b459d75c4b0ca32ad9, type: 3}
      propertyPath: m_LocalPosition.z
      value: 37
      objectReference: {fileID: 0}
    - target: {fileID: 422738, guid: 53e8e843102523b459d75c4b0ca32ad9, type: 3}
      propertyPath: m_LocalRotation.x
      value: 0.000000021855694
      objectReference: {fileID: 0}
    - target: {fileID: 422738, guid: 53e8e843102523b459d75c4b0ca32ad9, type: 3}
      propertyPath: m_LocalRotation.y
      value: 0
      objectReference: {fileID: 0}
    - target: {fileID: 422738, guid: 53e8e843102523b459d75c4b0ca32ad9, type: 3}
      propertyPath: m_LocalRotation.z
      value: 0
      objectReference: {fileID: 0}
    - target: {fileID: 422738, guid: 53e8e843102523b459d75c4b0ca32ad9, type: 3}
      propertyPath: m_LocalRotation.w
      value: 1
      objectReference: {fileID: 0}
    - target: {fileID: 422738, guid: 53e8e843102523b459d75c4b0ca32ad9, type: 3}
      propertyPath: m_RootOrder
      value: 1
      objectReference: {fileID: 0}
    - target: {fileID: 422738, guid: 53e8e843102523b459d75c4b0ca32ad9, type: 3}
      propertyPath: m_LocalScale.x
      value: -1
      objectReference: {fileID: 0}
    m_RemovedComponents: []
  m_SourcePrefab: {fileID: 100100000, guid: 53e8e843102523b459d75c4b0ca32ad9, type: 3}
--- !u!4 &4645247335576444533 stripped
Transform:
  m_CorrespondingSourceObject: {fileID: 422738, guid: 53e8e843102523b459d75c4b0ca32ad9,
    type: 3}
  m_PrefabInstance: {fileID: 4645247335576333607}
  m_PrefabAsset: {fileID: 0}
--- !u!1001 &4645247335650597022
PrefabInstance:
  m_ObjectHideFlags: 0
  serializedVersion: 2
  m_Modification:
    m_TransformParent: {fileID: 4645247335435561051}
    m_Modifications:
    - target: {fileID: 111862, guid: 53e8e843102523b459d75c4b0ca32ad9, type: 3}
      propertyPath: m_Name
      value: GreenHouse1_Deco_RoofPiece_B (10)
      objectReference: {fileID: 0}
    - target: {fileID: 422738, guid: 53e8e843102523b459d75c4b0ca32ad9, type: 3}
      propertyPath: m_LocalPosition.x
      value: 8
      objectReference: {fileID: 0}
    - target: {fileID: 422738, guid: 53e8e843102523b459d75c4b0ca32ad9, type: 3}
      propertyPath: m_LocalPosition.y
      value: 9
      objectReference: {fileID: 0}
    - target: {fileID: 422738, guid: 53e8e843102523b459d75c4b0ca32ad9, type: 3}
      propertyPath: m_LocalPosition.z
      value: 27
      objectReference: {fileID: 0}
    - target: {fileID: 422738, guid: 53e8e843102523b459d75c4b0ca32ad9, type: 3}
      propertyPath: m_LocalRotation.x
      value: 0.000000021855694
      objectReference: {fileID: 0}
    - target: {fileID: 422738, guid: 53e8e843102523b459d75c4b0ca32ad9, type: 3}
      propertyPath: m_LocalRotation.y
      value: 0
      objectReference: {fileID: 0}
    - target: {fileID: 422738, guid: 53e8e843102523b459d75c4b0ca32ad9, type: 3}
      propertyPath: m_LocalRotation.z
      value: 0
      objectReference: {fileID: 0}
    - target: {fileID: 422738, guid: 53e8e843102523b459d75c4b0ca32ad9, type: 3}
      propertyPath: m_LocalRotation.w
      value: 1
      objectReference: {fileID: 0}
    - target: {fileID: 422738, guid: 53e8e843102523b459d75c4b0ca32ad9, type: 3}
      propertyPath: m_RootOrder
      value: 0
      objectReference: {fileID: 0}
    m_RemovedComponents: []
  m_SourcePrefab: {fileID: 100100000, guid: 53e8e843102523b459d75c4b0ca32ad9, type: 3}
--- !u!4 &4645247335651011532 stripped
Transform:
  m_CorrespondingSourceObject: {fileID: 422738, guid: 53e8e843102523b459d75c4b0ca32ad9,
    type: 3}
  m_PrefabInstance: {fileID: 4645247335650597022}
  m_PrefabAsset: {fileID: 0}
--- !u!1001 &4645247335750962494
PrefabInstance:
  m_ObjectHideFlags: 0
  serializedVersion: 2
  m_Modification:
    m_TransformParent: {fileID: 4645247335435561051}
    m_Modifications:
    - target: {fileID: 139764, guid: 8285c49f490dd444382201a065d5f98b, type: 3}
      propertyPath: m_Name
      value: GreenHouse1_Deco_RoofPiece_A (2)
      objectReference: {fileID: 0}
    - target: {fileID: 462444, guid: 8285c49f490dd444382201a065d5f98b, type: 3}
      propertyPath: m_LocalPosition.x
      value: 10
      objectReference: {fileID: 0}
    - target: {fileID: 462444, guid: 8285c49f490dd444382201a065d5f98b, type: 3}
      propertyPath: m_LocalPosition.y
      value: 10
      objectReference: {fileID: 0}
    - target: {fileID: 462444, guid: 8285c49f490dd444382201a065d5f98b, type: 3}
      propertyPath: m_LocalPosition.z
      value: 34.5
      objectReference: {fileID: 0}
    - target: {fileID: 462444, guid: 8285c49f490dd444382201a065d5f98b, type: 3}
      propertyPath: m_LocalRotation.x
      value: 0.000000021855694
      objectReference: {fileID: 0}
    - target: {fileID: 462444, guid: 8285c49f490dd444382201a065d5f98b, type: 3}
      propertyPath: m_LocalRotation.y
      value: 0
      objectReference: {fileID: 0}
    - target: {fileID: 462444, guid: 8285c49f490dd444382201a065d5f98b, type: 3}
      propertyPath: m_LocalRotation.z
      value: 0
      objectReference: {fileID: 0}
    - target: {fileID: 462444, guid: 8285c49f490dd444382201a065d5f98b, type: 3}
      propertyPath: m_LocalRotation.w
      value: 1
      objectReference: {fileID: 0}
    - target: {fileID: 462444, guid: 8285c49f490dd444382201a065d5f98b, type: 3}
      propertyPath: m_RootOrder
      value: 26
      objectReference: {fileID: 0}
    m_RemovedComponents: []
  m_SourcePrefab: {fileID: 100100000, guid: 8285c49f490dd444382201a065d5f98b, type: 3}
--- !u!4 &4645247335750894418 stripped
Transform:
  m_CorrespondingSourceObject: {fileID: 462444, guid: 8285c49f490dd444382201a065d5f98b,
    type: 3}
  m_PrefabInstance: {fileID: 4645247335750962494}
  m_PrefabAsset: {fileID: 0}
--- !u!1001 &4645247335788860369
PrefabInstance:
  m_ObjectHideFlags: 0
  serializedVersion: 2
  m_Modification:
    m_TransformParent: {fileID: 4645247335435561051}
    m_Modifications:
    - target: {fileID: 139764, guid: 8285c49f490dd444382201a065d5f98b, type: 3}
      propertyPath: m_Name
      value: GreenHouse1_Deco_RoofPiece_A (1)
      objectReference: {fileID: 0}
    - target: {fileID: 462444, guid: 8285c49f490dd444382201a065d5f98b, type: 3}
      propertyPath: m_LocalPosition.x
      value: 10
      objectReference: {fileID: 0}
    - target: {fileID: 462444, guid: 8285c49f490dd444382201a065d5f98b, type: 3}
      propertyPath: m_LocalPosition.y
      value: 10
      objectReference: {fileID: 0}
    - target: {fileID: 462444, guid: 8285c49f490dd444382201a065d5f98b, type: 3}
      propertyPath: m_LocalPosition.z
      value: 24.5
      objectReference: {fileID: 0}
    - target: {fileID: 462444, guid: 8285c49f490dd444382201a065d5f98b, type: 3}
      propertyPath: m_LocalRotation.x
      value: 0.000000021855694
      objectReference: {fileID: 0}
    - target: {fileID: 462444, guid: 8285c49f490dd444382201a065d5f98b, type: 3}
      propertyPath: m_LocalRotation.y
      value: 0
      objectReference: {fileID: 0}
    - target: {fileID: 462444, guid: 8285c49f490dd444382201a065d5f98b, type: 3}
      propertyPath: m_LocalRotation.z
      value: 0
      objectReference: {fileID: 0}
    - target: {fileID: 462444, guid: 8285c49f490dd444382201a065d5f98b, type: 3}
      propertyPath: m_LocalRotation.w
      value: 1
      objectReference: {fileID: 0}
    - target: {fileID: 462444, guid: 8285c49f490dd444382201a065d5f98b, type: 3}
      propertyPath: m_RootOrder
      value: 16
      objectReference: {fileID: 0}
    m_RemovedComponents: []
  m_SourcePrefab: {fileID: 100100000, guid: 8285c49f490dd444382201a065d5f98b, type: 3}
--- !u!4 &4645247335788535229 stripped
Transform:
  m_CorrespondingSourceObject: {fileID: 462444, guid: 8285c49f490dd444382201a065d5f98b,
    type: 3}
  m_PrefabInstance: {fileID: 4645247335788860369}
  m_PrefabAsset: {fileID: 0}
--- !u!1001 &4645247335950091447
PrefabInstance:
  m_ObjectHideFlags: 0
  serializedVersion: 2
  m_Modification:
    m_TransformParent: {fileID: 4645247335435561051}
    m_Modifications:
    - target: {fileID: 111862, guid: 53e8e843102523b459d75c4b0ca32ad9, type: 3}
      propertyPath: m_Name
      value: GreenHouse1_Deco_RoofPiece_B (3)
      objectReference: {fileID: 0}
    - target: {fileID: 422738, guid: 53e8e843102523b459d75c4b0ca32ad9, type: 3}
      propertyPath: m_LocalPosition.x
      value: 17
      objectReference: {fileID: 0}
    - target: {fileID: 422738, guid: 53e8e843102523b459d75c4b0ca32ad9, type: 3}
      propertyPath: m_LocalPosition.y
      value: 7.5
      objectReference: {fileID: 0}
    - target: {fileID: 422738, guid: 53e8e843102523b459d75c4b0ca32ad9, type: 3}
      propertyPath: m_LocalPosition.z
      value: 22
      objectReference: {fileID: 0}
    - target: {fileID: 422738, guid: 53e8e843102523b459d75c4b0ca32ad9, type: 3}
      propertyPath: m_LocalRotation.x
      value: 0.000000021855694
      objectReference: {fileID: 0}
    - target: {fileID: 422738, guid: 53e8e843102523b459d75c4b0ca32ad9, type: 3}
      propertyPath: m_LocalRotation.y
      value: 0
      objectReference: {fileID: 0}
    - target: {fileID: 422738, guid: 53e8e843102523b459d75c4b0ca32ad9, type: 3}
      propertyPath: m_LocalRotation.z
      value: 0
      objectReference: {fileID: 0}
    - target: {fileID: 422738, guid: 53e8e843102523b459d75c4b0ca32ad9, type: 3}
      propertyPath: m_LocalRotation.w
      value: 1
      objectReference: {fileID: 0}
    - target: {fileID: 422738, guid: 53e8e843102523b459d75c4b0ca32ad9, type: 3}
      propertyPath: m_RootOrder
      value: 17
      objectReference: {fileID: 0}
    - target: {fileID: 422738, guid: 53e8e843102523b459d75c4b0ca32ad9, type: 3}
      propertyPath: m_LocalScale.x
      value: -1
      objectReference: {fileID: 0}
    m_RemovedComponents: []
  m_SourcePrefab: {fileID: 100100000, guid: 53e8e843102523b459d75c4b0ca32ad9, type: 3}
--- !u!4 &4645247335950252005 stripped
Transform:
  m_CorrespondingSourceObject: {fileID: 422738, guid: 53e8e843102523b459d75c4b0ca32ad9,
    type: 3}
  m_PrefabInstance: {fileID: 4645247335950091447}
  m_PrefabAsset: {fileID: 0}
--- !u!1001 &4645247336041588477
PrefabInstance:
  m_ObjectHideFlags: 0
  serializedVersion: 2
  m_Modification:
    m_TransformParent: {fileID: 4645247335435561051}
    m_Modifications:
    - target: {fileID: 111862, guid: 53e8e843102523b459d75c4b0ca32ad9, type: 3}
      propertyPath: m_Name
      value: GreenHouse1_Deco_RoofPiece_B (12)
      objectReference: {fileID: 0}
    - target: {fileID: 422738, guid: 53e8e843102523b459d75c4b0ca32ad9, type: 3}
      propertyPath: m_LocalPosition.x
      value: 12
      objectReference: {fileID: 0}
    - target: {fileID: 422738, guid: 53e8e843102523b459d75c4b0ca32ad9, type: 3}
      propertyPath: m_LocalPosition.y
      value: 9.5
      objectReference: {fileID: 0}
    - target: {fileID: 422738, guid: 53e8e843102523b459d75c4b0ca32ad9, type: 3}
      propertyPath: m_LocalPosition.z
      value: 32
      objectReference: {fileID: 0}
    - target: {fileID: 422738, guid: 53e8e843102523b459d75c4b0ca32ad9, type: 3}
      propertyPath: m_LocalRotation.x
      value: -0.00038842467
      objectReference: {fileID: 0}
    - target: {fileID: 422738, guid: 53e8e843102523b459d75c4b0ca32ad9, type: 3}
      propertyPath: m_LocalRotation.y
      value: -0.002518105
      objectReference: {fileID: 0}
    - target: {fileID: 422738, guid: 53e8e843102523b459d75c4b0ca32ad9, type: 3}
      propertyPath: m_LocalRotation.z
      value: -0.0033072561
      objectReference: {fileID: 0}
    - target: {fileID: 422738, guid: 53e8e843102523b459d75c4b0ca32ad9, type: 3}
      propertyPath: m_LocalRotation.w
      value: 0.99999136
      objectReference: {fileID: 0}
    - target: {fileID: 422738, guid: 53e8e843102523b459d75c4b0ca32ad9, type: 3}
      propertyPath: m_RootOrder
      value: 2
      objectReference: {fileID: 0}
    - target: {fileID: 422738, guid: 53e8e843102523b459d75c4b0ca32ad9, type: 3}
      propertyPath: m_LocalScale.x
      value: -1
      objectReference: {fileID: 0}
    m_RemovedComponents: []
  m_SourcePrefab: {fileID: 100100000, guid: 53e8e843102523b459d75c4b0ca32ad9, type: 3}
--- !u!4 &4645247336041207215 stripped
Transform:
  m_CorrespondingSourceObject: {fileID: 422738, guid: 53e8e843102523b459d75c4b0ca32ad9,
    type: 3}
  m_PrefabInstance: {fileID: 4645247336041588477}
  m_PrefabAsset: {fileID: 0}
--- !u!1001 &4645247336073989466
PrefabInstance:
  m_ObjectHideFlags: 0
  serializedVersion: 2
  m_Modification:
    m_TransformParent: {fileID: 4645247335435561051}
    m_Modifications:
    - target: {fileID: 160176, guid: cbd0b3ad55adbb2449d91dce8172900a, type: 3}
      propertyPath: m_Name
      value: GreenHouse1_Mid_A 8
      objectReference: {fileID: 0}
    - target: {fileID: 485294, guid: cbd0b3ad55adbb2449d91dce8172900a, type: 3}
      propertyPath: m_LocalPosition.x
      value: 0
      objectReference: {fileID: 0}
    - target: {fileID: 485294, guid: cbd0b3ad55adbb2449d91dce8172900a, type: 3}
      propertyPath: m_LocalPosition.y
      value: 0
      objectReference: {fileID: 0}
    - target: {fileID: 485294, guid: cbd0b3ad55adbb2449d91dce8172900a, type: 3}
      propertyPath: m_LocalPosition.z
      value: 24.5
      objectReference: {fileID: 0}
    - target: {fileID: 485294, guid: cbd0b3ad55adbb2449d91dce8172900a, type: 3}
      propertyPath: m_LocalRotation.x
      value: 0.000000021855694
      objectReference: {fileID: 0}
    - target: {fileID: 485294, guid: cbd0b3ad55adbb2449d91dce8172900a, type: 3}
      propertyPath: m_LocalRotation.y
      value: 0
      objectReference: {fileID: 0}
    - target: {fileID: 485294, guid: cbd0b3ad55adbb2449d91dce8172900a, type: 3}
      propertyPath: m_LocalRotation.z
      value: 0
      objectReference: {fileID: 0}
    - target: {fileID: 485294, guid: cbd0b3ad55adbb2449d91dce8172900a, type: 3}
      propertyPath: m_LocalRotation.w
      value: 1
      objectReference: {fileID: 0}
    - target: {fileID: 485294, guid: cbd0b3ad55adbb2449d91dce8172900a, type: 3}
      propertyPath: m_RootOrder
      value: 22
      objectReference: {fileID: 0}
    - target: {fileID: 485294, guid: cbd0b3ad55adbb2449d91dce8172900a, type: 3}
      propertyPath: m_LocalScale.x
      value: 1
      objectReference: {fileID: 0}
    m_RemovedComponents: []
  m_SourcePrefab: {fileID: 100100000, guid: cbd0b3ad55adbb2449d91dce8172900a, type: 3}
--- !u!4 &4645247336073816820 stripped
Transform:
  m_CorrespondingSourceObject: {fileID: 485294, guid: cbd0b3ad55adbb2449d91dce8172900a,
    type: 3}
  m_PrefabInstance: {fileID: 4645247336073989466}
  m_PrefabAsset: {fileID: 0}
--- !u!1001 &4645247336104653440
PrefabInstance:
  m_ObjectHideFlags: 0
  serializedVersion: 2
  m_Modification:
    m_TransformParent: {fileID: 4645247335435561051}
    m_Modifications:
    - target: {fileID: 427706, guid: d18477f28fb30864d83758989554e271, type: 3}
      propertyPath: m_LocalPosition.x
      value: 0
      objectReference: {fileID: 0}
    - target: {fileID: 427706, guid: d18477f28fb30864d83758989554e271, type: 3}
      propertyPath: m_LocalPosition.y
      value: 0
      objectReference: {fileID: 0}
    - target: {fileID: 427706, guid: d18477f28fb30864d83758989554e271, type: 3}
      propertyPath: m_LocalPosition.z
      value: 39.5
      objectReference: {fileID: 0}
    - target: {fileID: 427706, guid: d18477f28fb30864d83758989554e271, type: 3}
      propertyPath: m_LocalRotation.x
      value: 0.000000021855694
      objectReference: {fileID: 0}
    - target: {fileID: 427706, guid: d18477f28fb30864d83758989554e271, type: 3}
      propertyPath: m_LocalRotation.y
      value: 0
      objectReference: {fileID: 0}
    - target: {fileID: 427706, guid: d18477f28fb30864d83758989554e271, type: 3}
      propertyPath: m_LocalRotation.z
      value: 0
      objectReference: {fileID: 0}
    - target: {fileID: 427706, guid: d18477f28fb30864d83758989554e271, type: 3}
      propertyPath: m_LocalRotation.w
      value: 1
      objectReference: {fileID: 0}
    - target: {fileID: 427706, guid: d18477f28fb30864d83758989554e271, type: 3}
      propertyPath: m_RootOrder
      value: 20
      objectReference: {fileID: 0}
    m_RemovedComponents: []
  m_SourcePrefab: {fileID: 100100000, guid: d18477f28fb30864d83758989554e271, type: 3}
--- !u!4 &4645247336105014330 stripped
Transform:
  m_CorrespondingSourceObject: {fileID: 427706, guid: d18477f28fb30864d83758989554e271,
    type: 3}
  m_PrefabInstance: {fileID: 4645247336104653440}
  m_PrefabAsset: {fileID: 0}
--- !u!1001 &4645247336121722434
PrefabInstance:
  m_ObjectHideFlags: 0
  serializedVersion: 2
  m_Modification:
    m_TransformParent: {fileID: 4645247335435561051}
    m_Modifications:
    - target: {fileID: 111862, guid: 53e8e843102523b459d75c4b0ca32ad9, type: 3}
      propertyPath: m_Name
      value: GreenHouse1_Deco_RoofPiece_B (7)
      objectReference: {fileID: 0}
    - target: {fileID: 422738, guid: 53e8e843102523b459d75c4b0ca32ad9, type: 3}
      propertyPath: m_LocalPosition.x
      value: 8
      objectReference: {fileID: 0}
    - target: {fileID: 422738, guid: 53e8e843102523b459d75c4b0ca32ad9, type: 3}
      propertyPath: m_LocalPosition.y
      value: 9
      objectReference: {fileID: 0}
    - target: {fileID: 422738, guid: 53e8e843102523b459d75c4b0ca32ad9, type: 3}
      propertyPath: m_LocalPosition.z
      value: 22
      objectReference: {fileID: 0}
    - target: {fileID: 422738, guid: 53e8e843102523b459d75c4b0ca32ad9, type: 3}
      propertyPath: m_LocalRotation.x
      value: 0.000000021855694
      objectReference: {fileID: 0}
    - target: {fileID: 422738, guid: 53e8e843102523b459d75c4b0ca32ad9, type: 3}
      propertyPath: m_LocalRotation.y
      value: 0
      objectReference: {fileID: 0}
    - target: {fileID: 422738, guid: 53e8e843102523b459d75c4b0ca32ad9, type: 3}
      propertyPath: m_LocalRotation.z
      value: 0
      objectReference: {fileID: 0}
    - target: {fileID: 422738, guid: 53e8e843102523b459d75c4b0ca32ad9, type: 3}
      propertyPath: m_LocalRotation.w
      value: 1
      objectReference: {fileID: 0}
    - target: {fileID: 422738, guid: 53e8e843102523b459d75c4b0ca32ad9, type: 3}
      propertyPath: m_RootOrder
      value: 21
      objectReference: {fileID: 0}
    m_RemovedComponents: []
  m_SourcePrefab: {fileID: 100100000, guid: 53e8e843102523b459d75c4b0ca32ad9, type: 3}
--- !u!4 &4645247336121570576 stripped
Transform:
  m_CorrespondingSourceObject: {fileID: 422738, guid: 53e8e843102523b459d75c4b0ca32ad9,
    type: 3}
  m_PrefabInstance: {fileID: 4645247336121722434}
  m_PrefabAsset: {fileID: 0}
--- !u!1001 &4645247336179023271
PrefabInstance:
  m_ObjectHideFlags: 0
  serializedVersion: 2
  m_Modification:
    m_TransformParent: {fileID: 4645247335435561051}
    m_Modifications:
    - target: {fileID: 160176, guid: cbd0b3ad55adbb2449d91dce8172900a, type: 3}
      propertyPath: m_Name
      value: GreenHouse1_Mid_A 11
      objectReference: {fileID: 0}
    - target: {fileID: 485294, guid: cbd0b3ad55adbb2449d91dce8172900a, type: 3}
      propertyPath: m_LocalPosition.x
      value: 0
      objectReference: {fileID: 0}
    - target: {fileID: 485294, guid: cbd0b3ad55adbb2449d91dce8172900a, type: 3}
      propertyPath: m_LocalPosition.y
      value: 0
      objectReference: {fileID: 0}
    - target: {fileID: 485294, guid: cbd0b3ad55adbb2449d91dce8172900a, type: 3}
      propertyPath: m_LocalPosition.z
      value: 9.5
      objectReference: {fileID: 0}
    - target: {fileID: 485294, guid: cbd0b3ad55adbb2449d91dce8172900a, type: 3}
      propertyPath: m_LocalRotation.x
      value: 0.000000021855694
      objectReference: {fileID: 0}
    - target: {fileID: 485294, guid: cbd0b3ad55adbb2449d91dce8172900a, type: 3}
      propertyPath: m_LocalRotation.y
      value: 0
      objectReference: {fileID: 0}
    - target: {fileID: 485294, guid: cbd0b3ad55adbb2449d91dce8172900a, type: 3}
      propertyPath: m_LocalRotation.z
      value: 0
      objectReference: {fileID: 0}
    - target: {fileID: 485294, guid: cbd0b3ad55adbb2449d91dce8172900a, type: 3}
      propertyPath: m_LocalRotation.w
      value: 1
      objectReference: {fileID: 0}
    - target: {fileID: 485294, guid: cbd0b3ad55adbb2449d91dce8172900a, type: 3}
      propertyPath: m_RootOrder
      value: 18
      objectReference: {fileID: 0}
    - target: {fileID: 485294, guid: cbd0b3ad55adbb2449d91dce8172900a, type: 3}
      propertyPath: m_LocalScale.x
      value: 1
      objectReference: {fileID: 0}
    m_RemovedComponents: []
  m_SourcePrefab: {fileID: 100100000, guid: cbd0b3ad55adbb2449d91dce8172900a, type: 3}
--- !u!4 &4645247336178571785 stripped
Transform:
  m_CorrespondingSourceObject: {fileID: 485294, guid: cbd0b3ad55adbb2449d91dce8172900a,
    type: 3}
  m_PrefabInstance: {fileID: 4645247336179023271}
  m_PrefabAsset: {fileID: 0}
--- !u!1001 &4645247336336927694
PrefabInstance:
  m_ObjectHideFlags: 0
  serializedVersion: 2
  m_Modification:
    m_TransformParent: {fileID: 4645247335435561051}
    m_Modifications:
    - target: {fileID: 160176, guid: cbd0b3ad55adbb2449d91dce8172900a, type: 3}
      propertyPath: m_Name
      value: GreenHouse1_Mid_A 3
      objectReference: {fileID: 0}
    - target: {fileID: 485294, guid: cbd0b3ad55adbb2449d91dce8172900a, type: 3}
      propertyPath: m_LocalPosition.x
      value: 0
      objectReference: {fileID: 0}
    - target: {fileID: 485294, guid: cbd0b3ad55adbb2449d91dce8172900a, type: 3}
      propertyPath: m_LocalPosition.y
      value: 0
      objectReference: {fileID: 0}
    - target: {fileID: 485294, guid: cbd0b3ad55adbb2449d91dce8172900a, type: 3}
      propertyPath: m_LocalPosition.z
      value: 19.5
      objectReference: {fileID: 0}
    - target: {fileID: 485294, guid: cbd0b3ad55adbb2449d91dce8172900a, type: 3}
      propertyPath: m_LocalRotation.x
      value: 0.000000021855694
      objectReference: {fileID: 0}
    - target: {fileID: 485294, guid: cbd0b3ad55adbb2449d91dce8172900a, type: 3}
      propertyPath: m_LocalRotation.y
      value: 0
      objectReference: {fileID: 0}
    - target: {fileID: 485294, guid: cbd0b3ad55adbb2449d91dce8172900a, type: 3}
      propertyPath: m_LocalRotation.z
      value: 0
      objectReference: {fileID: 0}
    - target: {fileID: 485294, guid: cbd0b3ad55adbb2449d91dce8172900a, type: 3}
      propertyPath: m_LocalRotation.w
      value: 1
      objectReference: {fileID: 0}
    - target: {fileID: 485294, guid: cbd0b3ad55adbb2449d91dce8172900a, type: 3}
      propertyPath: m_RootOrder
      value: 3
      objectReference: {fileID: 0}
    m_RemovedComponents: []
  m_SourcePrefab: {fileID: 100100000, guid: cbd0b3ad55adbb2449d91dce8172900a, type: 3}
--- !u!4 &4645247336337263712 stripped
Transform:
  m_CorrespondingSourceObject: {fileID: 485294, guid: cbd0b3ad55adbb2449d91dce8172900a,
    type: 3}
  m_PrefabInstance: {fileID: 4645247336336927694}
  m_PrefabAsset: {fileID: 0}
--- !u!1001 &4645247336413402019
PrefabInstance:
  m_ObjectHideFlags: 0
  serializedVersion: 2
  m_Modification:
    m_TransformParent: {fileID: 4645247335435561051}
    m_Modifications:
    - target: {fileID: 462444, guid: 8285c49f490dd444382201a065d5f98b, type: 3}
      propertyPath: m_LocalPosition.x
      value: 10
      objectReference: {fileID: 0}
    - target: {fileID: 462444, guid: 8285c49f490dd444382201a065d5f98b, type: 3}
      propertyPath: m_LocalPosition.y
      value: 10
      objectReference: {fileID: 0}
    - target: {fileID: 462444, guid: 8285c49f490dd444382201a065d5f98b, type: 3}
      propertyPath: m_LocalPosition.z
      value: 14.5
      objectReference: {fileID: 0}
    - target: {fileID: 462444, guid: 8285c49f490dd444382201a065d5f98b, type: 3}
      propertyPath: m_LocalRotation.x
      value: 0.000000021855694
      objectReference: {fileID: 0}
    - target: {fileID: 462444, guid: 8285c49f490dd444382201a065d5f98b, type: 3}
      propertyPath: m_LocalRotation.y
      value: 0
      objectReference: {fileID: 0}
    - target: {fileID: 462444, guid: 8285c49f490dd444382201a065d5f98b, type: 3}
      propertyPath: m_LocalRotation.z
      value: 0
      objectReference: {fileID: 0}
    - target: {fileID: 462444, guid: 8285c49f490dd444382201a065d5f98b, type: 3}
      propertyPath: m_LocalRotation.w
      value: 1
      objectReference: {fileID: 0}
    - target: {fileID: 462444, guid: 8285c49f490dd444382201a065d5f98b, type: 3}
      propertyPath: m_RootOrder
      value: 24
      objectReference: {fileID: 0}
    m_RemovedComponents: []
  m_SourcePrefab: {fileID: 100100000, guid: 8285c49f490dd444382201a065d5f98b, type: 3}
--- !u!4 &4645247336413863375 stripped
Transform:
  m_CorrespondingSourceObject: {fileID: 462444, guid: 8285c49f490dd444382201a065d5f98b,
    type: 3}
  m_PrefabInstance: {fileID: 4645247336413402019}
  m_PrefabAsset: {fileID: 0}
--- !u!1001 &4645247336462169171
PrefabInstance:
  m_ObjectHideFlags: 0
  serializedVersion: 2
  m_Modification:
    m_TransformParent: {fileID: 4645247335435561051}
    m_Modifications:
    - target: {fileID: 111862, guid: 53e8e843102523b459d75c4b0ca32ad9, type: 3}
      propertyPath: m_Name
      value: GreenHouse1_Deco_RoofPiece_B (13)
      objectReference: {fileID: 0}
    - target: {fileID: 422738, guid: 53e8e843102523b459d75c4b0ca32ad9, type: 3}
      propertyPath: m_LocalPosition.x
      value: 10.5
      objectReference: {fileID: 0}
    - target: {fileID: 422738, guid: 53e8e843102523b459d75c4b0ca32ad9, type: 3}
      propertyPath: m_LocalPosition.y
      value: 10
      objectReference: {fileID: 0}
    - target: {fileID: 422738, guid: 53e8e843102523b459d75c4b0ca32ad9, type: 3}
      propertyPath: m_LocalPosition.z
      value: 37
      objectReference: {fileID: 0}
    - target: {fileID: 422738, guid: 53e8e843102523b459d75c4b0ca32ad9, type: 3}
      propertyPath: m_LocalRotation.x
      value: -0.00038842467
      objectReference: {fileID: 0}
    - target: {fileID: 422738, guid: 53e8e843102523b459d75c4b0ca32ad9, type: 3}
      propertyPath: m_LocalRotation.y
      value: -0.002518105
      objectReference: {fileID: 0}
    - target: {fileID: 422738, guid: 53e8e843102523b459d75c4b0ca32ad9, type: 3}
      propertyPath: m_LocalRotation.z
      value: -0.0033072561
      objectReference: {fileID: 0}
    - target: {fileID: 422738, guid: 53e8e843102523b459d75c4b0ca32ad9, type: 3}
      propertyPath: m_LocalRotation.w
      value: 0.99999136
      objectReference: {fileID: 0}
    - target: {fileID: 422738, guid: 53e8e843102523b459d75c4b0ca32ad9, type: 3}
      propertyPath: m_RootOrder
      value: 23
      objectReference: {fileID: 0}
    - target: {fileID: 422738, guid: 53e8e843102523b459d75c4b0ca32ad9, type: 3}
      propertyPath: m_LocalScale.x
      value: -1
      objectReference: {fileID: 0}
    m_RemovedComponents: []
  m_SourcePrefab: {fileID: 100100000, guid: 53e8e843102523b459d75c4b0ca32ad9, type: 3}
--- !u!4 &4645247336462567169 stripped
Transform:
  m_CorrespondingSourceObject: {fileID: 422738, guid: 53e8e843102523b459d75c4b0ca32ad9,
    type: 3}
  m_PrefabInstance: {fileID: 4645247336462169171}
  m_PrefabAsset: {fileID: 0}
--- !u!1001 &4645247336678351423
PrefabInstance:
  m_ObjectHideFlags: 0
  serializedVersion: 2
  m_Modification:
    m_TransformParent: {fileID: 4645247335435561051}
    m_Modifications:
    - target: {fileID: 111862, guid: 53e8e843102523b459d75c4b0ca32ad9, type: 3}
      propertyPath: m_Name
      value: GreenHouse1_Deco_RoofPiece_B (5)
      objectReference: {fileID: 0}
    - target: {fileID: 422738, guid: 53e8e843102523b459d75c4b0ca32ad9, type: 3}
      propertyPath: m_LocalPosition.x
      value: 13
      objectReference: {fileID: 0}
    - target: {fileID: 422738, guid: 53e8e843102523b459d75c4b0ca32ad9, type: 3}
      propertyPath: m_LocalPosition.y
      value: 9
      objectReference: {fileID: 0}
    - target: {fileID: 422738, guid: 53e8e843102523b459d75c4b0ca32ad9, type: 3}
      propertyPath: m_LocalPosition.z
      value: 12
      objectReference: {fileID: 0}
    - target: {fileID: 422738, guid: 53e8e843102523b459d75c4b0ca32ad9, type: 3}
      propertyPath: m_LocalRotation.x
      value: 0.000000021855694
      objectReference: {fileID: 0}
    - target: {fileID: 422738, guid: 53e8e843102523b459d75c4b0ca32ad9, type: 3}
      propertyPath: m_LocalRotation.y
      value: 0
      objectReference: {fileID: 0}
    - target: {fileID: 422738, guid: 53e8e843102523b459d75c4b0ca32ad9, type: 3}
      propertyPath: m_LocalRotation.z
      value: 0
      objectReference: {fileID: 0}
    - target: {fileID: 422738, guid: 53e8e843102523b459d75c4b0ca32ad9, type: 3}
      propertyPath: m_LocalRotation.w
      value: 1
      objectReference: {fileID: 0}
    - target: {fileID: 422738, guid: 53e8e843102523b459d75c4b0ca32ad9, type: 3}
      propertyPath: m_RootOrder
      value: 7
      objectReference: {fileID: 0}
    - target: {fileID: 422738, guid: 53e8e843102523b459d75c4b0ca32ad9, type: 3}
      propertyPath: m_LocalScale.x
      value: -1
      objectReference: {fileID: 0}
    m_RemovedComponents: []
  m_SourcePrefab: {fileID: 100100000, guid: 53e8e843102523b459d75c4b0ca32ad9, type: 3}
--- !u!4 &4645247336678461805 stripped
Transform:
  m_CorrespondingSourceObject: {fileID: 422738, guid: 53e8e843102523b459d75c4b0ca32ad9,
    type: 3}
  m_PrefabInstance: {fileID: 4645247336678351423}
  m_PrefabAsset: {fileID: 0}
--- !u!1001 &4645247336743030551
PrefabInstance:
  m_ObjectHideFlags: 0
  serializedVersion: 2
  m_Modification:
    m_TransformParent: {fileID: 4645247335435561051}
    m_Modifications:
    - target: {fileID: 111862, guid: 53e8e843102523b459d75c4b0ca32ad9, type: 3}
      propertyPath: m_Name
      value: GreenHouse1_Deco_RoofPiece_B (8)
      objectReference: {fileID: 0}
    - target: {fileID: 422738, guid: 53e8e843102523b459d75c4b0ca32ad9, type: 3}
      propertyPath: m_LocalPosition.x
      value: 4.5
      objectReference: {fileID: 0}
    - target: {fileID: 422738, guid: 53e8e843102523b459d75c4b0ca32ad9, type: 3}
      propertyPath: m_LocalPosition.y
      value: 8
      objectReference: {fileID: 0}
    - target: {fileID: 422738, guid: 53e8e843102523b459d75c4b0ca32ad9, type: 3}
      propertyPath: m_LocalPosition.z
      value: 22
      objectReference: {fileID: 0}
    - target: {fileID: 422738, guid: 53e8e843102523b459d75c4b0ca32ad9, type: 3}
      propertyPath: m_LocalRotation.x
      value: 0.009078021
      objectReference: {fileID: 0}
    - target: {fileID: 422738, guid: 53e8e843102523b459d75c4b0ca32ad9, type: 3}
      propertyPath: m_LocalRotation.y
      value: 0.00022234836
      objectReference: {fileID: 0}
    - target: {fileID: 422738, guid: 53e8e843102523b459d75c4b0ca32ad9, type: 3}
      propertyPath: m_LocalRotation.z
      value: -0.02448469
      objectReference: {fileID: 0}
    - target: {fileID: 422738, guid: 53e8e843102523b459d75c4b0ca32ad9, type: 3}
      propertyPath: m_LocalRotation.w
      value: 0.999659
      objectReference: {fileID: 0}
    - target: {fileID: 422738, guid: 53e8e843102523b459d75c4b0ca32ad9, type: 3}
      propertyPath: m_RootOrder
      value: 5
      objectReference: {fileID: 0}
    - target: {fileID: 422738, guid: 53e8e843102523b459d75c4b0ca32ad9, type: 3}
      propertyPath: m_LocalScale.z
      value: 0.9999999
      objectReference: {fileID: 0}
    m_RemovedComponents: []
  m_SourcePrefab: {fileID: 100100000, guid: 53e8e843102523b459d75c4b0ca32ad9, type: 3}
--- !u!4 &4645247336742894661 stripped
Transform:
  m_CorrespondingSourceObject: {fileID: 422738, guid: 53e8e843102523b459d75c4b0ca32ad9,
    type: 3}
  m_PrefabInstance: {fileID: 4645247336743030551}
  m_PrefabAsset: {fileID: 0}
--- !u!1001 &4645247336757108100
PrefabInstance:
  m_ObjectHideFlags: 0
  serializedVersion: 2
  m_Modification:
    m_TransformParent: {fileID: 4645247335435561051}
    m_Modifications:
    - target: {fileID: 142990, guid: d18477f28fb30864d83758989554e271, type: 3}
      propertyPath: m_Name
      value: GreenHouse1_End_A 1
      objectReference: {fileID: 0}
    - target: {fileID: 427706, guid: d18477f28fb30864d83758989554e271, type: 3}
      propertyPath: m_LocalPosition.x
      value: 0
      objectReference: {fileID: 0}
    - target: {fileID: 427706, guid: d18477f28fb30864d83758989554e271, type: 3}
      propertyPath: m_LocalPosition.y
      value: 0
      objectReference: {fileID: 0}
    - target: {fileID: 427706, guid: d18477f28fb30864d83758989554e271, type: 3}
      propertyPath: m_LocalPosition.z
      value: 0
      objectReference: {fileID: 0}
    - target: {fileID: 427706, guid: d18477f28fb30864d83758989554e271, type: 3}
      propertyPath: m_LocalRotation.x
      value: 0.000000021855694
      objectReference: {fileID: 0}
    - target: {fileID: 427706, guid: d18477f28fb30864d83758989554e271, type: 3}
      propertyPath: m_LocalRotation.y
      value: 0
      objectReference: {fileID: 0}
    - target: {fileID: 427706, guid: d18477f28fb30864d83758989554e271, type: 3}
      propertyPath: m_LocalRotation.z
      value: 0
      objectReference: {fileID: 0}
    - target: {fileID: 427706, guid: d18477f28fb30864d83758989554e271, type: 3}
      propertyPath: m_LocalRotation.w
      value: 1
      objectReference: {fileID: 0}
    - target: {fileID: 427706, guid: d18477f28fb30864d83758989554e271, type: 3}
      propertyPath: m_RootOrder
      value: 6
      objectReference: {fileID: 0}
    - target: {fileID: 427706, guid: d18477f28fb30864d83758989554e271, type: 3}
      propertyPath: m_LocalScale.z
      value: -1
      objectReference: {fileID: 0}
    m_RemovedComponents: []
  m_SourcePrefab: {fileID: 100100000, guid: d18477f28fb30864d83758989554e271, type: 3}
--- !u!4 &4645247336756943678 stripped
Transform:
  m_CorrespondingSourceObject: {fileID: 427706, guid: d18477f28fb30864d83758989554e271,
    type: 3}
  m_PrefabInstance: {fileID: 4645247336757108100}
  m_PrefabAsset: {fileID: 0}
--- !u!1001 &4645247336843232301
PrefabInstance:
  m_ObjectHideFlags: 0
  serializedVersion: 2
  m_Modification:
    m_TransformParent: {fileID: 4645247335435561051}
    m_Modifications:
    - target: {fileID: 160176, guid: cbd0b3ad55adbb2449d91dce8172900a, type: 3}
      propertyPath: m_Name
      value: GreenHouse1_Mid_A 6
      objectReference: {fileID: 0}
    - target: {fileID: 485294, guid: cbd0b3ad55adbb2449d91dce8172900a, type: 3}
      propertyPath: m_LocalPosition.x
      value: 0
      objectReference: {fileID: 0}
    - target: {fileID: 485294, guid: cbd0b3ad55adbb2449d91dce8172900a, type: 3}
      propertyPath: m_LocalPosition.y
      value: 0
      objectReference: {fileID: 0}
    - target: {fileID: 485294, guid: cbd0b3ad55adbb2449d91dce8172900a, type: 3}
      propertyPath: m_LocalPosition.z
      value: 34.5
      objectReference: {fileID: 0}
    - target: {fileID: 485294, guid: cbd0b3ad55adbb2449d91dce8172900a, type: 3}
      propertyPath: m_LocalRotation.x
      value: 0.000000021855694
      objectReference: {fileID: 0}
    - target: {fileID: 485294, guid: cbd0b3ad55adbb2449d91dce8172900a, type: 3}
      propertyPath: m_LocalRotation.y
      value: 0
      objectReference: {fileID: 0}
    - target: {fileID: 485294, guid: cbd0b3ad55adbb2449d91dce8172900a, type: 3}
      propertyPath: m_LocalRotation.z
      value: 0
      objectReference: {fileID: 0}
    - target: {fileID: 485294, guid: cbd0b3ad55adbb2449d91dce8172900a, type: 3}
      propertyPath: m_LocalRotation.w
      value: 1
      objectReference: {fileID: 0}
    - target: {fileID: 485294, guid: cbd0b3ad55adbb2449d91dce8172900a, type: 3}
      propertyPath: m_RootOrder
      value: 4
      objectReference: {fileID: 0}
    - target: {fileID: 485294, guid: cbd0b3ad55adbb2449d91dce8172900a, type: 3}
      propertyPath: m_LocalScale.x
      value: 1
      objectReference: {fileID: 0}
    m_RemovedComponents: []
  m_SourcePrefab: {fileID: 100100000, guid: cbd0b3ad55adbb2449d91dce8172900a, type: 3}
--- !u!4 &4645247336842896259 stripped
Transform:
  m_CorrespondingSourceObject: {fileID: 485294, guid: cbd0b3ad55adbb2449d91dce8172900a,
    type: 3}
  m_PrefabInstance: {fileID: 4645247336843232301}
  m_PrefabAsset: {fileID: 0}
--- !u!1001 &4645247336915083531
PrefabInstance:
  m_ObjectHideFlags: 0
  serializedVersion: 2
  m_Modification:
    m_TransformParent: {fileID: 4645247335435561051}
    m_Modifications:
    - target: {fileID: 111862, guid: 53e8e843102523b459d75c4b0ca32ad9, type: 3}
      propertyPath: m_Name
      value: GreenHouse1_Deco_RoofPiece_B (6)
      objectReference: {fileID: 0}
    - target: {fileID: 422738, guid: 53e8e843102523b459d75c4b0ca32ad9, type: 3}
      propertyPath: m_LocalPosition.x
      value: 12
      objectReference: {fileID: 0}
    - target: {fileID: 422738, guid: 53e8e843102523b459d75c4b0ca32ad9, type: 3}
      propertyPath: m_LocalPosition.y
      value: 9
      objectReference: {fileID: 0}
    - target: {fileID: 422738, guid: 53e8e843102523b459d75c4b0ca32ad9, type: 3}
      propertyPath: m_LocalPosition.z
      value: 2.5
      objectReference: {fileID: 0}
    - target: {fileID: 422738, guid: 53e8e843102523b459d75c4b0ca32ad9, type: 3}
      propertyPath: m_LocalRotation.x
      value: 0.000000021855694
      objectReference: {fileID: 0}
    - target: {fileID: 422738, guid: 53e8e843102523b459d75c4b0ca32ad9, type: 3}
      propertyPath: m_LocalRotation.y
      value: 0
      objectReference: {fileID: 0}
    - target: {fileID: 422738, guid: 53e8e843102523b459d75c4b0ca32ad9, type: 3}
      propertyPath: m_LocalRotation.z
      value: 0
      objectReference: {fileID: 0}
    - target: {fileID: 422738, guid: 53e8e843102523b459d75c4b0ca32ad9, type: 3}
      propertyPath: m_LocalRotation.w
      value: 1
      objectReference: {fileID: 0}
    - target: {fileID: 422738, guid: 53e8e843102523b459d75c4b0ca32ad9, type: 3}
      propertyPath: m_RootOrder
      value: 9
      objectReference: {fileID: 0}
    - target: {fileID: 422738, guid: 53e8e843102523b459d75c4b0ca32ad9, type: 3}
      propertyPath: m_LocalScale.x
      value: -1
      objectReference: {fileID: 0}
    m_RemovedComponents: []
  m_SourcePrefab: {fileID: 100100000, guid: 53e8e843102523b459d75c4b0ca32ad9, type: 3}
--- !u!4 &4645247336914702937 stripped
Transform:
  m_CorrespondingSourceObject: {fileID: 422738, guid: 53e8e843102523b459d75c4b0ca32ad9,
    type: 3}
  m_PrefabInstance: {fileID: 4645247336915083531}
  m_PrefabAsset: {fileID: 0}
--- !u!1001 &4645247337009025760
PrefabInstance:
  m_ObjectHideFlags: 0
  serializedVersion: 2
  m_Modification:
    m_TransformParent: {fileID: 4645247335435561051}
    m_Modifications:
    - target: {fileID: 111862, guid: 53e8e843102523b459d75c4b0ca32ad9, type: 3}
      propertyPath: m_Name
      value: GreenHouse1_Deco_RoofPiece_B (11)
      objectReference: {fileID: 0}
    - target: {fileID: 422738, guid: 53e8e843102523b459d75c4b0ca32ad9, type: 3}
      propertyPath: m_LocalPosition.x
      value: 8
      objectReference: {fileID: 0}
    - target: {fileID: 422738, guid: 53e8e843102523b459d75c4b0ca32ad9, type: 3}
      propertyPath: m_LocalPosition.y
      value: 9
      objectReference: {fileID: 0}
    - target: {fileID: 422738, guid: 53e8e843102523b459d75c4b0ca32ad9, type: 3}
      propertyPath: m_LocalPosition.z
      value: 7
      objectReference: {fileID: 0}
    - target: {fileID: 422738, guid: 53e8e843102523b459d75c4b0ca32ad9, type: 3}
      propertyPath: m_LocalRotation.x
      value: 0.000000021855694
      objectReference: {fileID: 0}
    - target: {fileID: 422738, guid: 53e8e843102523b459d75c4b0ca32ad9, type: 3}
      propertyPath: m_LocalRotation.y
      value: 0
      objectReference: {fileID: 0}
    - target: {fileID: 422738, guid: 53e8e843102523b459d75c4b0ca32ad9, type: 3}
      propertyPath: m_LocalRotation.z
      value: 0
      objectReference: {fileID: 0}
    - target: {fileID: 422738, guid: 53e8e843102523b459d75c4b0ca32ad9, type: 3}
      propertyPath: m_LocalRotation.w
      value: 1
      objectReference: {fileID: 0}
    - target: {fileID: 422738, guid: 53e8e843102523b459d75c4b0ca32ad9, type: 3}
      propertyPath: m_RootOrder
      value: 8
      objectReference: {fileID: 0}
    m_RemovedComponents: []
  m_SourcePrefab: {fileID: 100100000, guid: 53e8e843102523b459d75c4b0ca32ad9, type: 3}
--- !u!4 &4645247337009439154 stripped
Transform:
  m_CorrespondingSourceObject: {fileID: 422738, guid: 53e8e843102523b459d75c4b0ca32ad9,
    type: 3}
  m_PrefabInstance: {fileID: 4645247337009025760}
  m_PrefabAsset: {fileID: 0}
--- !u!1001 &4645247337264139605
PrefabInstance:
  m_ObjectHideFlags: 0
  serializedVersion: 2
  m_Modification:
    m_TransformParent: {fileID: 4645247335435561051}
    m_Modifications:
    - target: {fileID: 139764, guid: 8285c49f490dd444382201a065d5f98b, type: 3}
      propertyPath: m_Name
      value: GreenHouse1_Deco_RoofPiece_A (3)
      objectReference: {fileID: 0}
    - target: {fileID: 462444, guid: 8285c49f490dd444382201a065d5f98b, type: 3}
      propertyPath: m_LocalPosition.x
      value: 10
      objectReference: {fileID: 0}
    - target: {fileID: 462444, guid: 8285c49f490dd444382201a065d5f98b, type: 3}
      propertyPath: m_LocalPosition.y
      value: 10
      objectReference: {fileID: 0}
    - target: {fileID: 462444, guid: 8285c49f490dd444382201a065d5f98b, type: 3}
      propertyPath: m_LocalPosition.z
      value: 5
      objectReference: {fileID: 0}
    - target: {fileID: 462444, guid: 8285c49f490dd444382201a065d5f98b, type: 3}
      propertyPath: m_LocalRotation.x
      value: 0.000000021855694
      objectReference: {fileID: 0}
    - target: {fileID: 462444, guid: 8285c49f490dd444382201a065d5f98b, type: 3}
      propertyPath: m_LocalRotation.y
      value: 0
      objectReference: {fileID: 0}
    - target: {fileID: 462444, guid: 8285c49f490dd444382201a065d5f98b, type: 3}
      propertyPath: m_LocalRotation.z
      value: 0
      objectReference: {fileID: 0}
    - target: {fileID: 462444, guid: 8285c49f490dd444382201a065d5f98b, type: 3}
      propertyPath: m_LocalRotation.w
      value: 1
      objectReference: {fileID: 0}
    - target: {fileID: 462444, guid: 8285c49f490dd444382201a065d5f98b, type: 3}
      propertyPath: m_RootOrder
      value: 14
      objectReference: {fileID: 0}
    m_RemovedComponents: []
  m_SourcePrefab: {fileID: 100100000, guid: 8285c49f490dd444382201a065d5f98b, type: 3}
--- !u!4 &4645247337263940409 stripped
Transform:
  m_CorrespondingSourceObject: {fileID: 462444, guid: 8285c49f490dd444382201a065d5f98b,
    type: 3}
  m_PrefabInstance: {fileID: 4645247337264139605}
  m_PrefabAsset: {fileID: 0}
--- !u!1001 &4645247337320421871
PrefabInstance:
  m_ObjectHideFlags: 0
  serializedVersion: 2
  m_Modification:
    m_TransformParent: {fileID: 4645247335435561051}
    m_Modifications:
    - target: {fileID: 111862, guid: 53e8e843102523b459d75c4b0ca32ad9, type: 3}
      propertyPath: m_Name
      value: GreenHouse1_Deco_RoofPiece_B (9)
      objectReference: {fileID: 0}
    - target: {fileID: 422738, guid: 53e8e843102523b459d75c4b0ca32ad9, type: 3}
      propertyPath: m_LocalPosition.x
      value: 2
      objectReference: {fileID: 0}
    - target: {fileID: 422738, guid: 53e8e843102523b459d75c4b0ca32ad9, type: 3}
      propertyPath: m_LocalPosition.y
      value: 7
      objectReference: {fileID: 0}
    - target: {fileID: 422738, guid: 53e8e843102523b459d75c4b0ca32ad9, type: 3}
      propertyPath: m_LocalPosition.z
      value: 22
      objectReference: {fileID: 0}
    - target: {fileID: 422738, guid: 53e8e843102523b459d75c4b0ca32ad9, type: 3}
      propertyPath: m_LocalRotation.x
      value: 0.009078021
      objectReference: {fileID: 0}
    - target: {fileID: 422738, guid: 53e8e843102523b459d75c4b0ca32ad9, type: 3}
      propertyPath: m_LocalRotation.y
      value: 0.00022234836
      objectReference: {fileID: 0}
    - target: {fileID: 422738, guid: 53e8e843102523b459d75c4b0ca32ad9, type: 3}
      propertyPath: m_LocalRotation.z
      value: -0.02448469
      objectReference: {fileID: 0}
    - target: {fileID: 422738, guid: 53e8e843102523b459d75c4b0ca32ad9, type: 3}
      propertyPath: m_LocalRotation.w
      value: 0.999659
      objectReference: {fileID: 0}
    - target: {fileID: 422738, guid: 53e8e843102523b459d75c4b0ca32ad9, type: 3}
      propertyPath: m_RootOrder
      value: 12
      objectReference: {fileID: 0}
    - target: {fileID: 422738, guid: 53e8e843102523b459d75c4b0ca32ad9, type: 3}
      propertyPath: m_LocalScale.z
      value: 0.9999999
      objectReference: {fileID: 0}
    m_RemovedComponents: []
  m_SourcePrefab: {fileID: 100100000, guid: 53e8e843102523b459d75c4b0ca32ad9, type: 3}
--- !u!4 &4645247337320835773 stripped
Transform:
  m_CorrespondingSourceObject: {fileID: 422738, guid: 53e8e843102523b459d75c4b0ca32ad9,
    type: 3}
  m_PrefabInstance: {fileID: 4645247337320421871}
  m_PrefabAsset: {fileID: 0}
--- !u!1001 &4645247337330170025
PrefabInstance:
  m_ObjectHideFlags: 0
  serializedVersion: 2
  m_Modification:
    m_TransformParent: {fileID: 4645247335435561051}
    m_Modifications:
    - target: {fileID: 160176, guid: cbd0b3ad55adbb2449d91dce8172900a, type: 3}
      propertyPath: m_Name
      value: GreenHouse1_Mid_A 7
      objectReference: {fileID: 0}
    - target: {fileID: 485294, guid: cbd0b3ad55adbb2449d91dce8172900a, type: 3}
      propertyPath: m_LocalPosition.x
      value: 0
      objectReference: {fileID: 0}
    - target: {fileID: 485294, guid: cbd0b3ad55adbb2449d91dce8172900a, type: 3}
      propertyPath: m_LocalPosition.y
      value: 0
      objectReference: {fileID: 0}
    - target: {fileID: 485294, guid: cbd0b3ad55adbb2449d91dce8172900a, type: 3}
      propertyPath: m_LocalPosition.z
      value: 29.5
      objectReference: {fileID: 0}
    - target: {fileID: 485294, guid: cbd0b3ad55adbb2449d91dce8172900a, type: 3}
      propertyPath: m_LocalRotation.x
      value: 0.000000021855694
      objectReference: {fileID: 0}
    - target: {fileID: 485294, guid: cbd0b3ad55adbb2449d91dce8172900a, type: 3}
      propertyPath: m_LocalRotation.y
      value: 0
      objectReference: {fileID: 0}
    - target: {fileID: 485294, guid: cbd0b3ad55adbb2449d91dce8172900a, type: 3}
      propertyPath: m_LocalRotation.z
      value: 0
      objectReference: {fileID: 0}
    - target: {fileID: 485294, guid: cbd0b3ad55adbb2449d91dce8172900a, type: 3}
      propertyPath: m_LocalRotation.w
      value: 1
      objectReference: {fileID: 0}
    - target: {fileID: 485294, guid: cbd0b3ad55adbb2449d91dce8172900a, type: 3}
      propertyPath: m_RootOrder
      value: 13
      objectReference: {fileID: 0}
    - target: {fileID: 485294, guid: cbd0b3ad55adbb2449d91dce8172900a, type: 3}
      propertyPath: m_LocalScale.x
      value: 1
      objectReference: {fileID: 0}
    m_RemovedComponents: []
  m_SourcePrefab: {fileID: 100100000, guid: cbd0b3ad55adbb2449d91dce8172900a, type: 3}
--- !u!4 &4645247337330097927 stripped
Transform:
  m_CorrespondingSourceObject: {fileID: 485294, guid: cbd0b3ad55adbb2449d91dce8172900a,
    type: 3}
  m_PrefabInstance: {fileID: 4645247337330170025}
  m_PrefabAsset: {fileID: 0}
--- !u!1001 &4645247337341986859
PrefabInstance:
  m_ObjectHideFlags: 0
  serializedVersion: 2
  m_Modification:
    m_TransformParent: {fileID: 4645247335435561051}
    m_Modifications:
    - target: {fileID: 111862, guid: 53e8e843102523b459d75c4b0ca32ad9, type: 3}
      propertyPath: m_Name
      value: GreenHouse1_Deco_RoofPiece_B (2)
      objectReference: {fileID: 0}
    - target: {fileID: 422738, guid: 53e8e843102523b459d75c4b0ca32ad9, type: 3}
      propertyPath: m_LocalPosition.x
      value: 17
      objectReference: {fileID: 0}
    - target: {fileID: 422738, guid: 53e8e843102523b459d75c4b0ca32ad9, type: 3}
      propertyPath: m_LocalPosition.y
      value: 7.5
      objectReference: {fileID: 0}
    - target: {fileID: 422738, guid: 53e8e843102523b459d75c4b0ca32ad9, type: 3}
      propertyPath: m_LocalPosition.z
      value: 12
      objectReference: {fileID: 0}
    - target: {fileID: 422738, guid: 53e8e843102523b459d75c4b0ca32ad9, type: 3}
      propertyPath: m_LocalRotation.x
      value: 0.000000021855694
      objectReference: {fileID: 0}
    - target: {fileID: 422738, guid: 53e8e843102523b459d75c4b0ca32ad9, type: 3}
      propertyPath: m_LocalRotation.y
      value: 0
      objectReference: {fileID: 0}
    - target: {fileID: 422738, guid: 53e8e843102523b459d75c4b0ca32ad9, type: 3}
      propertyPath: m_LocalRotation.z
      value: 0
      objectReference: {fileID: 0}
    - target: {fileID: 422738, guid: 53e8e843102523b459d75c4b0ca32ad9, type: 3}
      propertyPath: m_LocalRotation.w
      value: 1
      objectReference: {fileID: 0}
    - target: {fileID: 422738, guid: 53e8e843102523b459d75c4b0ca32ad9, type: 3}
      propertyPath: m_RootOrder
      value: 11
      objectReference: {fileID: 0}
    - target: {fileID: 422738, guid: 53e8e843102523b459d75c4b0ca32ad9, type: 3}
      propertyPath: m_LocalScale.x
      value: -1
      objectReference: {fileID: 0}
    m_RemovedComponents: []
  m_SourcePrefab: {fileID: 100100000, guid: 53e8e843102523b459d75c4b0ca32ad9, type: 3}
--- !u!4 &4645247337342393209 stripped
Transform:
  m_CorrespondingSourceObject: {fileID: 422738, guid: 53e8e843102523b459d75c4b0ca32ad9,
    type: 3}
  m_PrefabInstance: {fileID: 4645247337341986859}
  m_PrefabAsset: {fileID: 0}
--- !u!1001 &4645247337375710050
PrefabInstance:
  m_ObjectHideFlags: 0
  serializedVersion: 2
  m_Modification:
    m_TransformParent: {fileID: 4645247335435561051}
    m_Modifications:
    - target: {fileID: 160176, guid: cbd0b3ad55adbb2449d91dce8172900a, type: 3}
      propertyPath: m_Name
      value: GreenHouse1_Mid_A 10
      objectReference: {fileID: 0}
    - target: {fileID: 485294, guid: cbd0b3ad55adbb2449d91dce8172900a, type: 3}
      propertyPath: m_LocalPosition.x
      value: 0
      objectReference: {fileID: 0}
    - target: {fileID: 485294, guid: cbd0b3ad55adbb2449d91dce8172900a, type: 3}
      propertyPath: m_LocalPosition.y
      value: 0
      objectReference: {fileID: 0}
    - target: {fileID: 485294, guid: cbd0b3ad55adbb2449d91dce8172900a, type: 3}
      propertyPath: m_LocalPosition.z
      value: 14.5
      objectReference: {fileID: 0}
    - target: {fileID: 485294, guid: cbd0b3ad55adbb2449d91dce8172900a, type: 3}
      propertyPath: m_LocalRotation.x
      value: 0.000000021855694
      objectReference: {fileID: 0}
    - target: {fileID: 485294, guid: cbd0b3ad55adbb2449d91dce8172900a, type: 3}
      propertyPath: m_LocalRotation.y
      value: 0
      objectReference: {fileID: 0}
    - target: {fileID: 485294, guid: cbd0b3ad55adbb2449d91dce8172900a, type: 3}
      propertyPath: m_LocalRotation.z
      value: 0
      objectReference: {fileID: 0}
    - target: {fileID: 485294, guid: cbd0b3ad55adbb2449d91dce8172900a, type: 3}
      propertyPath: m_LocalRotation.w
      value: 1
      objectReference: {fileID: 0}
    - target: {fileID: 485294, guid: cbd0b3ad55adbb2449d91dce8172900a, type: 3}
      propertyPath: m_RootOrder
      value: 10
      objectReference: {fileID: 0}
    - target: {fileID: 485294, guid: cbd0b3ad55adbb2449d91dce8172900a, type: 3}
      propertyPath: m_LocalScale.x
      value: 1
      objectReference: {fileID: 0}
    m_RemovedComponents: []
  m_SourcePrefab: {fileID: 100100000, guid: cbd0b3ad55adbb2449d91dce8172900a, type: 3}
--- !u!4 &4645247337375784140 stripped
Transform:
  m_CorrespondingSourceObject: {fileID: 485294, guid: cbd0b3ad55adbb2449d91dce8172900a,
    type: 3}
  m_PrefabInstance: {fileID: 4645247337375710050}
  m_PrefabAsset: {fileID: 0}
